<?xml version="1.0" encoding="UTF-8"?><collection xmlns="http://www.loc.gov/MARC21/slim"><record><leader>00567nam--2200193-u-4500</leader><controlfield tag="001">000053134</controlfield><controlfield tag="002">20161230</controlfield><controlfield tag="005">20161230201051</controlfield><controlfield tag="008">110106s1000------------r-----000-0-rum-d</controlfield><datafield ind1=" " ind2=" " tag="040"><subfield code="a">IFIN-HH</subfield></datafield><datafield ind1=" " ind2=" " tag="041"><subfield code="a">rum</subfield></datafield><datafield ind1=" " ind2=" " tag="080"><subfield code="a">539.12:539.126(043)</subfield></datafield><datafield ind1="1" ind2=" " tag="100"><subfield code="a">Petrascu, Catalina-oana</subfield></datafield><datafield ind1="1" ind2="0" tag="245"><subfield code="a">Studiul mezonilor exotici in anihilarea antiproton-proton</subfield><subfield code="b">Rezumatul tezei</subfield><subfield code="c">Catalina-oana petrascu</subfield></datafield><datafield ind1=" " ind2=" " tag="260"><subfield code="a">Bucuresti</subfield><subfield code="b">Ifa</subfield><subfield code="c">1999</subfield></datafield><datafield ind1=" " ind2=" " tag="300"><subfield code="a">41P</subfield></datafield><datafield ind1=" " ind2=" " tag="502"><subfield code="a">Conducator Stiintific: Prof. Marin Ivascu</subfield></datafield><datafield ind1=" " ind2=" " tag="852"><subfield code="a">81066</subfield><subfield code="c">539.12</subfield></datafield><datafield ind1=" " ind2=" " tag="CAT"><subfield code="a">Sys</subfield><subfield code="c">20110106</subfield><subfield code="h">153623</subfield></datafield></record></collection>